%% This BibTeX bibliography file was created using BibDesk.
%% http://bibdesk.sourceforge.net/


%% Created for Nicolas Hereman at 2014-11-09 13:52:49 +0100 


%% Saved with string encoding Unicode (UTF-8) 



@webpage{projwebsite,
	Date-Added = {2014-11-09 12:14:04 +0000},
	Date-Modified = {2014-11-09 12:52:30 +0000},
	Keywords = {webpage},
	Url = {www.ulb.ac.be/di/map/tlenaert/Home_Tom_Lenaerts/INFO-F-308.html},
	Bdsk-Url-1 = {www.ulb.ac.be/di/map/tlenaert/Home_Tom_Lenaerts/INFO-F-308.html},
	Title={Site du projet d’informatique 3 ULB},
	Author={Lenaerts, T. AND Labbé, M.}}

@article{mainref,
	Author = {Mah, Andrew AND Doucette, John AND Noor-E-Alam, Md.},
	Date-Modified = {2014-11-09 12:52:43 +0000},
	Journal = {European Journal of Operational Research},
	Keywords = {article},
	Month = {October},
	Pages = {17-30},
	Title = {Integer linear programming models for grid-based light post location problem},
	Year = {2012}}

@phdthesis{phdref,
	Author = {Noor-E-Alam, Md.},
	Date-Modified = {2014-11-09 12:52:38 +0000},
	Keywords = {phd},
	School = {University of Alberta},
	Title = {Advanced Integer Linear Programming Techniques for Large Scale Grid-Based Location Problems},
	Year = {2013}}

@webpage{ademe,
    Date-Added = {2014-11-12 11:15:36 +0000},
	Date-Modified = {2014-11-12 11:15:36 +0000},
	Keywords = {webpage},
	Url = {http://www.connaissancedesenergies.org},
	Bdsk-Url-1 = {http://www.connaissancedesenergies.org},
	Title={Connaissance des énergies},
	Author={Fondation d’entreprise Alcen pour la Connaissance des Énergies}}

@article{ascenref,
	Author = {ASCEN A.S.B.L.},
	Date-Modified = {2014-11-13 17:52:43 +0000},
	Keywords = {article},
	Title = {Recommandations techniques pour l'éclairage public}}

@phdthesis{tunnelref,
	Author = {Wei Lai, Xianming Liu, Weimin Chen, Xiaohua Lei and Xingfu Cheng },
	Date-Modified = {2014-11-13 18:01:27 +0000},
	Keywords = {phd},
	School = {Chongqing University},
	Title = {Light intensity distribution optimization for tunnel lamps in different zones of a long tunnel },
	Year = {2014}}

@phdthesis{ledref,
	Author = {Zexin Feng, Yi Luo and Yanjun Han},
	Date-Modified = {2014-11-13 18:00:38 +0000},
	Keywords = {phd},
	School = {Tsinghua University},
	Title = {Design of LED freeform optical system for road lighting with high luminance/illuminance ratio},
	Year = {2010}}


@phdthesis{genref,
	Author = {Jorge H. Jaramillo, Joy Bhadury and Rajan Batta  },
	Date-Modified = {2014-11-14 08:37:38 +0000},
	Keywords = {phd},
	Title = {On The Use of Genetic Algorithms to Solve Location Problems },
	Year = {2002}}

@phdthesis{maxcovref,
	Author = {Richard Church, Charles Revelle  },
	Date-Modified = {2014-11-14 08:42:00 +0000},
	Keywords = {phd},
	School={ Johns Hopkins University },
	Title = {The maximal covering location problem},
	Year = {1974}}

@phdthesis{logisticref,
	Author = {Zhongzhen YANG,  Chong LIU and Xiangqun SONG},
	Date-Modified = {2014-11-14 08:49:00 +0000},
	Keywords = {phd},
	School={Dalian University of Technology },
	Title = {Optimizing the scale and spatial location of city logistics terminals},
	Year = {2005}}