@article{ref1,
author={Mah, Andrew AND Doucette, John AND Noor-E-Alam, Md.},
journal={European Journal of Operational Research},
title={Integer linear programming models for grid-based light post location problem},
year={2012},
month={October},
pages={17-30}
}

@phdthesis{ref2,
title={Advanced Integer Linear Programming Techniques for Large Scale Grid-Based Location Problems},
author={Noor-E-Alam, Md.},
school={University of Alberta},
year={2013}
}