%% This BibTeX bibliography file was created using BibDesk.
%% http://bibdesk.sourceforge.net/


%% Created for Nicolas Hereman at 2014-11-09 13:52:49 +0100 


%% Saved with string encoding Unicode (UTF-8) 



@webpage{projwebsite,
	Date-Added = {2014-11-09 12:14:04 +0000},
	Date-Modified = {2014-11-09 12:52:30 +0000},
	Keywords = {webpage},
	Url = {www.ulb.ac.be/di/map/tlenaert/Home_Tom_Lenaerts/INFO-F-308.html},
	Bdsk-Url-1 = {www.ulb.ac.be/di/map/tlenaert/Home_Tom_Lenaerts/INFO-F-308.html},
	Title={Site du projet d’informatique 3 ULB},
	Author={Lenaerts, T. AND Labbé, M.}}

@article{mainref,
	Author = {Mah, Andrew AND Doucette, John AND Noor-E-Alam, Md.},
	Date-Modified = {2014-11-09 12:52:43 +0000},
	Journal = {European Journal of Operational Research},
	Keywords = {article},
	Month = {October},
	Pages = {17-30},
	Title = {Integer linear programming models for grid-based light post location problem},
	Year = {2012}}

@phdthesis{phdref,
	Author = {Noor-E-Alam, Md.},
	Date-Modified = {2014-11-09 12:52:38 +0000},
	Keywords = {phd},
	School = {University of Alberta},
	Title = {Advanced Integer Linear Programming Techniques for Large Scale Grid-Based Location Problems},
	Year = {2013}}

@webpage{ademe,
    Date-Added = {2014-11-12 11:15:36 +0000},
	Date-Modified = {2014-11-12 11:15:36 +0000},
	Keywords = {webpage},
	Url = {http://www.connaissancedesenergies.org},
	Bdsk-Url-1 = {http://www.connaissancedesenergies.org},
	Title={Connaissance des énergies},
	Author={Fondation d’entreprise Alcen pour la Connaissance des Énergies}}