%% This BibTeX bibliography file was created using BibDesk.
%% http://bibdesk.sourceforge.net/


%% Created for Nicolas Hereman at 2015-04-18 10:49:39 +0200 


%% Saved with string encoding Unicode (UTF-8) 



@book{branchbound,
	Author = {Reba{\"\i}ne Djamal},
	Date-Added = {2015-04-18 08:46:02 +0000},
	Date-Modified = {2015-04-18 08:48:23 +0000},
	Publisher = {Universit{\'e} du Qu{\'e}bec {\`a} Chicoutimi},
	Title = {Note de cours : La m{\'e}thode de branch and bound}}

@webpage{projwebsite,
	Author = {Lenaerts, T. AND Labb{\'e}, M.},
	Date-Added = {2014-11-09 12:14:04 +0000},
	Date-Modified = {2014-11-09 12:52:30 +0000},
	Keywords = {webpage},
	Title = {Site du projet d'informatique 3 ULB},
	Url = {www.ulb.ac.be/di/map/tlenaert/Home_Tom_Lenaerts/INFO-F-308.html},
	Bdsk-Url-1 = {www.ulb.ac.be/di/map/tlenaert/Home_Tom_Lenaerts/INFO-F-308.html}}

@article{mainref,
	Author = {Mah, Andrew AND Doucette, John AND Noor-E-Alam, Md.},
	Date-Modified = {2014-11-09 12:52:43 +0000},
	Journal = {European Journal of Operational Research},
	Keywords = {article},
	Month = {October},
	Pages = {17-30},
	Title = {Integer linear programming models for grid-based light post location problem},
	Year = {2012}}

@phdthesis{phdref,
	Author = {Noor-E-Alam, Md.},
	Date-Modified = {2014-11-09 12:52:38 +0000},
	Keywords = {phd},
	School = {University of Alberta},
	Title = {Advanced Integer Linear Programming Techniques for Large Scale Grid-Based Location Problems},
	Year = {2013}}

@webpage{ademe,
	Author = {Fondation d'entreprise Alcen pour la Connaissance des {\'E}nergies},
	Date-Added = {2014-11-12 11:15:36 +0000},
	Date-Modified = {2014-11-12 11:15:36 +0000},
	Keywords = {webpage},
	Title = {Connaissance des {\'e}nergies},
	Url = {http://www.connaissancedesenergies.org},
	Bdsk-Url-1 = {http://www.connaissancedesenergies.org}}

@article{ascenref,
	Author = {ASCEN A.S.B.L.},
	Date-Modified = {2014-11-13 17:52:43 +0000},
	Keywords = {article},
	Title = {Recommandations techniques pour l'{\'e}clairage public}}

@phdthesis{tunnelref,
	Author = {Wei Lai, Xianming Liu, Weimin Chen, Xiaohua Lei and Xingfu Cheng},
	Date-Modified = {2014-11-13 18:01:27 +0000},
	Keywords = {phd},
	School = {Chongqing University},
	Title = {Light intensity distribution optimization for tunnel lamps in different zones of a long tunnel},
	Year = {2014}}

@phdthesis{ledref,
	Author = {Zexin Feng, Yi Luo and Yanjun Han},
	Date-Modified = {2014-11-13 18:00:38 +0000},
	Keywords = {phd},
	School = {Tsinghua University},
	Title = {Design of LED freeform optical system for road lighting with high luminance/illuminance ratio},
	Year = {2010}}

@phdthesis{genref,
	Author = {Jorge H. Jaramillo, Joy Bhadury and Rajan Batta},
	Date-Modified = {2014-11-14 08:37:38 +0000},
	Keywords = {phd},
	Title = {On The Use of Genetic Algorithms to Solve Location Problems},
	Year = {2002}}

@phdthesis{maxcovref,
	Author = {Richard Church, Charles Revelle},
	Date-Modified = {2014-11-14 08:42:00 +0000},
	Keywords = {phd},
	School = {Johns Hopkins University},
	Title = {The maximal covering location problem},
	Year = {1974}}

@phdthesis{logisticref,
	Author = {Zhongzhen YANG, Chong LIU and Xiangqun SONG},
	Date-Modified = {2014-11-14 08:49:00 +0000},
	Keywords = {phd},
	School = {Dalian University of Technology},
	Title = {Optimizing the scale and spatial location of city logistics terminals},
	Year = {2005}}
	
@article{doi:10.1287/opre.11.3.331,
author = {Leon Cooper},
title = {Location-Allocation Problems},
journal = {Operations Research},
volume = {11},
number = {3},
pages = {331-343},
year = {1963},
doi = {10.1287/opre.11.3.331}}

@Book{Wolsey1998,
  author = {L. A. Wolsey},
  title  = {{Integer programming}},
  year   = {1998},
  isbn   = {0-471-28366-5},
  publisher = {Wiley-Interscience},
  address = {New York, NY, USA}}
  
@Article{katz,
  author = {K. atz and N. . I. and C. ooper and (1974) L.},
  title = {An always convergent numerical scheme for a random
     locational equilibrium {problemSIAM} {Journal} of {Numerical}
     {Analysis,} 11, 683-692.},
  journal = {},
  volume = {},
  pages = {},
  year = {},
  entrydate = {2015/04/23},
  abstract = {ABSTRACT},
}


@Article{francis,
  author = {Francis L.R.},
  title = {On the {Location} of {Multiple} {New} {Facilities} with
     {Respect} to {Existing} {FacilitiesJournal} of {Industrial}
     {Engineering,} 15, 106-107.},
  journal = {},
  volume = {},
  pages = {},
  year = {1968},
  abstract = {ABSTRACT},
}


@Article{sherali,
  author = {S. herali H.D. and Nordai F.L.},
  title = {Np-hard, {Capacitated} {Balanced} {p-Median} {Problems} on
     a {Chain} {Graph} with a {Continuum} of {Link}
     {DemandsMathematics} of {Operations} Research.},
  journal = {},
  volume = {},
  pages = {},
  year = {1988},
}


@Article{manzour-al-ajdad,
  author = {M. anzour-al-A. jdad and Torabi and A.S and K.Eshghi},
  title = {Single-source {Capacitated} {Multi-Facility} {Weber}
     {Problem} - {An} iterative two phase heuristic
     {algorithmComputers} and {Operations} Research.},
  journal = {},
  volume = {},
  pages = {},
  year = {2012},
}

@Article{kubis,
  author = {Kubis and Hartmann},
  title = {Analysis of location of large-area shopping centers – a
     probabilistic gravity model for the {Halle–Leipzig}
     {areaJahrbuch} für {Regionalwissenschaft} 27.},
  journal = {},
  volume = {},
  pages = {},
  year = {},
}


@Article{chen,
  author = {Chen and Ozturk and O and Kandemir},
  title = {An {ILP-based} approach to locality {optimizationLecture}
     {Notes} in {Computer} {Science} 3602, 149–163.},
  journal = {},
  volume = {},
  pages = {},
  year = {2005},
}


@Article{gendron,
  author = {Gendron and Potvin and Soriano
     and P. .,},
  title = {A {Tabu} {Search} with slope scaling for the multi
     commodity capacitated location problem with balancing
     {requirementsAnnals} of {Operations} Research.},
  journal = {},
  volume = {},
  pages = {},
  year = {2003},
}


@Article{zhang,
  author = {Zhang J.},
  title = {Approximating the two-level facility location problem via a
     quasigreedy {approachMathematical} {Programming,} {Series} A},
  journal = {},
  volume = {},
  pages = {},
  year = {},
}


@Article{canbolat,
  author = {Canbolat and Wesolowsky},
  title = {The rectilinear distance {Weber} problem in the presence of
     a probabilistic line {barrierEuropean} {Journal} of {Operational}
     Research.},
  journal = {},
  volume = {},
  pages = {},
  year = {2010},
}


@Article{church,
  author = {R. eV. elle Church and},
  title = {The maximal covering location {problemPapers} of the
     {Regional} {Science} {Association,} 32, 101–118.},
  journal = {},
  volume = {},
  pages = {},
  year = {1974},
}


@Article{wesolowsky,
  author = {Wesolowsky},
  title = {Rectangular {Distance} {Location} under the {Minimax}
     {Optimality} {CriterionTransportation} {Science,} 6, 103-113.},
  journal = {},
  volume = {},
  pages = {},
  year = {1972},
}


@Article{abdinnour-helm,
  author = {Abdinnour-Helm and Venkataramanan},
  title = {Solution approaches to hub location {problemsAnnals} of
     {Operations} Research.},
  journal = {},
  volume = {},
  pages = {},
  year = {1998},
}



@Article{taniguchi,
  author = {Taniguchi and Noritake and Yamada
     and Izumitani},
  title = {Optimal size and location planning of public logistics
     {terminalsTransportation} {Research} {Part} {E:} {Logistics} and
     {Transportation} Review.},
  journal = {},
  volume = {},
  pages = {},
  year = {1999},
}


@Article{aytug,
  author = {Aytug and Saydam},
  title = {Solving large-scale maximum expected covering location
     problems by genetic algorithms: a comparative {studyEuropean}
     {Journal} of {Operational} Research.},
  journal = {},
  volume = {},
  pages = {},
  year = {2002},
}

@Article{bangerth,klie,wheeler,stoffa,sen,
  author = {Bangerth,Klie,Wheeler,Stoffa,Sen},
  title = {On optimization algorithms for the reservoir oil well
     placement {problem7Computational} Geosciences.},
  journal = {},
  volume = {},
  pages = {},
  year = {2006},
}


@Article{ghiani,grandinetti,guerriero,musmanno,
  author = {Ghiani,Grandinetti,Guerriero,Musmanno},
  title = {A {Lagrangean} heuristic for the plant location problem
     with multiple facilities in the same {siteOptimization} {Methods}
     and Software.},
  journal = {},
  volume = {},
  pages = {},
  year = {2002},
}

@Article{zvi,
  author = {Drezner Zvi and Hamacher Horst},
  title = {Facility {Location:} {Applications} and {TheorySpringer,}
     1-72.},
  journal = {},
  volume = {},
  pages = {},
  year = {2001},
}

